@article{Chandrasekhar1964a,
  title={Dynamical Instability of Gaseous Masses Approaching the Schwarzschild Limit in General Relativity},
  author={Chandrasekhar, S},
  journal={Physical Review Letters},
  volume={12},
  number={4},
  pages={114},
  year={1964},
  publisher={APS}
}

@article{Chandrasekhar1964b,
  title={A General Variational Principle Governing the Radial and the Non-Radial Oscillations of Gaseous Masses.},
  author={Chandrasekhar, S},
  journal={The Astrophysical Journal},
  volume={139},
  pages={664},
  year={1964}
}

@article{Tooper1964b,
  title={General Relativistic Polytropic Fluid Spheres.},
  author={Tooper, Robert F},
  journal={The Astrophysical Journal},
  volume={140},
  pages={434},
  year={1964}
}

@article{Tooper1965,
  title={Adiabatic Fluid Spheres in General Relativity.},
  author={Tooper, Robert F},
  journal={The Astrophysical Journal},
  volume={142},
  pages={1541},
  year={1965}
}

@phdthesis{Bardeen1965,
  title={Stability and dynamics of spherically symmetric masses in general relativity},
  author={Bardeen, James Maxwell},
  year={1965},
  school={California Institute of Technology}
}

@article{FriedmanSchutz1975,
  title={On the stability of relativistic systems},
  author={Friedman, JL and Schutz, BF},
  journal={The Astrophysical Journal},
  volume={200},
  pages={204--220},
  year={1975}
}

@inproceedings{Bondi1964B,
  title={Massive Spheres in General elativity},
  author={Bondi, H},
  booktitle={Proceedings of the Royal Society of London A: Mathematical, Physical and Engineering Sciences},
  volume={282},
  number={1390},
  pages={303--317},
  year={1964},
  organization={The Royal Society}
}

@article{Kovetz1967,
  title={Schwarzschild's Criterion for Convective Instability in General Relativity},
  author={Kovetz, A},
  journal={Zeitschrift fur Astrophysik},
  volume={66},
  pages={446},
  year={1967}
}

@article{Thorne1966,
  title={Validity in general relativity of the Schwarzschild criterion for convection},
  author={Thorne, Kip S},
  journal={The Astrophysical Journal},
  volume={144},
  pages={201},
  year={1966}
}

@article{Herrera1992,
  title={Cracking of self-gravitating compact objects},
  author={Herrera, L},
  journal={Physics Letters A},
  volume={165},
  number={3},
  pages={206--210},
  year={1992},
  publisher={Elsevier}
}

@article{DiPrisco1994,
  title={Tidal forces and fragmentation of self-gravitating compact objects},
  author={Di Prisco, A and Fuenmayor, E and Herrera, L and Varela, V},
  journal={Physics Letters A},
  volume={195},
  number={1},
  pages={23--26},
  year={1994},
  publisher={Elsevier}
}

@article{DiPrisco1997,
  title={Cracking of homogeneous self-gravitating compact objects induced by fluctuations of local anisotropy},
  author={Di Prisco, A and Herrera, L and Varela, V},
  journal={General Relativity and Gravitation},
  volume={29},
  number={10},
  pages={1239--1256},
  year={1997},
  publisher={Springer}
}

@article{HerreraFuenmayorLeon2016,
  title={Cracking of general relativistic anisotropic polytropes},
  author={Herrera, L and Fuenmayor, E and Leon, P},
  journal={Physical Review D},
  volume={93},
  number={2},
  pages={024047},
  year={2016},
  publisher={APS}
}

@article{AbreuHernandezNunez2007b,
  title={Sound speeds, cracking and the stability of self-gravitating anisotropic compact objects},
  author={Abreu, Henso and Hernandez, H and Núñez, LA},
  journal={Classical and Quantum Gravity},
  volume={24},
  number={18},
  pages={4631},
  year={2007},
  publisher={IOP Publishing}
}

@inproceedings{GonzalezNavarroNunez2015,
  title={Cracking of anisotropic spheres in general relativity revisited},
  author={Gonz{\'a}lez, Guillermo A and Navarro, Anamar{\'\i}a and N{\'u}{\~n}ez, Luis A},
  booktitle={Journal of Physics: Conference Series},
  volume={600},
  number={1},
  pages={012014},
  year={2015},
  organization={IOP Publishing}
}

@incollection{FriedmanStergioulas2014,
  title={Instabilities of relativistic stars},
  author={Friedman, John L and Stergioulas, Nikolaos},
  booktitle={General Relativity, Cosmology and Astrophysics},
  pages={427--458},
  year={2014},
  publisher={Springer}
}

@article{horvat2010radial,
  title={Radial pulsations and stability of anisotropic stars with a quasi-local equation of state},
  author={Horvat, Dubravko and Iliji{\'c}, Sa{\v{s}}a and Marunovi{\'c}, Anja},
  journal={Classical and quantum gravity},
  volume={28},
  number={2},
  pages={025009},
  year={2010},
  publisher={IOP Publishing}
}

@article{thirukkanesh2008charged,
  title={Charged anisotropic matter with a linear equation of state},
  author={Thirukkanesh, S and Maharaj, SD},
  journal={Classical and Quantum Gravity},
  volume={25},
  number={23},
  pages={235001},
  year={2008},
  publisher={IOP Publishing}
}

@article{sulaksono2015anisotropic,
  title={Anisotropic pressure and hyperons in neutron stars},
  author={Sulaksono, A},
  journal={International Journal of Modern Physics E},
  volume={24},
  number={01},
  pages={1550007},
  year={2015},
  publisher={World Scientific}
}

@article{callen1960thermodynamics,
  title={Thermodynamics John Wiley},
  author={Callen, HB},
  journal={New York},
  year={1960}
}